<?xml version = "1.0" encoding = "UTF-8"?><OAI-PMH xmlns="http://www.openarchives.org/OAI/2.0/" xmlns:xsi="http://www.w3.org/2001/XMLSchema-instance" xsi:schemaLocation="http://www.openarchives.org/OAI/2.0/ http://www.openarchives.org/OAI/2.0/OAI-PMH.xsd"><ListRecords><record><header><identifier>aleph-publish:016468513</identifier></header><metadata><record xmlns="http://www.ddb.de/professionell/mabxml/mabxml-1.xsd"><leader>------M2.01200024------h</leader><controlfield tag="LDR">------M2.01200024------h</controlfield><controlfield tag="FMT">MH</controlfield><datafield tag="001" ind1="-" ind2="1"><subfield code="a">HT015425967</subfield></datafield><datafield tag="002" ind1="a" ind2="1"><subfield code="a">20080207</subfield></datafield><datafield tag="003" ind1="-" ind2="1"><subfield code="a">20220318124300.0</subfield></datafield><datafield tag="025" ind1="o" ind2="1"><subfield code="a">1074487633</subfield></datafield><datafield tag="026" ind1="-" ind2="1"><subfield code="a">HBZHT015425967</subfield></datafield><controlfield tag="030">a|1uc||||||17</controlfield><datafield tag="036" ind1="a" ind2="1"><subfield code="a">IS</subfield></datafield><datafield tag="037" ind1="b" ind2="1"><subfield code="a">ice</subfield><subfield code="a">fre</subfield><subfield code="a">eng</subfield><subfield code="a">ger</subfield></datafield><controlfield tag="050">a|||||||||||||</controlfield><controlfield tag="051">m|||||||</controlfield><datafield tag="064" ind1="a" ind2="1"><subfield code="a">Bildband</subfield><subfield code="9">(DE-588)4145395-5</subfield></datafield><datafield tag="070" ind1="-" ind2="1"><subfield code="a">38</subfield></datafield><datafield tag="070" ind1="b" ind2="1"><subfield code="a">38</subfield></datafield><datafield tag="080" ind1="-" ind2="1"><subfield code="a">60</subfield></datafield><datafield tag="100" ind1="-" ind2="1"><subfield code="p">Desgraupes, Patrick</subfield><subfield code="9">(DE-588)131654012</subfield></datafield><datafield tag="331" ind1="-" ind2="1"><subfield code="a">Ísland</subfield></datafield><datafield tag="341" ind1="-" ind2="1"><subfield code="a">Islande</subfield></datafield><datafield tag="343" ind1="-" ind2="1"><subfield code="a">le sublime - l&apos;imaginaire</subfield></datafield><datafield tag="345" ind1="-" ind2="1"><subfield code="a">Iceland</subfield></datafield><datafield tag="359" ind1="-" ind2="1"><subfield code="a">Patrick Desgraupes</subfield></datafield><datafield tag="370" ind1="c" ind2="1"><subfield code="a">Island und die Snorra Edda</subfield></datafield><datafield tag="410" ind1="-" ind2="1"><subfield code="a">Reykjavík</subfield></datafield><datafield tag="412" ind1="-" ind2="1"><subfield code="a">Bjartur</subfield></datafield><datafield tag="425" ind1="-" ind2="1"><subfield code="a">2002</subfield></datafield><datafield tag="425" ind1="a" ind2="1"><subfield code="a">2002</subfield></datafield><datafield tag="433" ind1="-" ind2="1"><subfield code="a">62 S. : überwiegend Ill.</subfield></datafield><datafield tag="505" ind1="-" ind2="1"><subfield code="p">Nebentitel</subfield><subfield code="a">Island und die Snorra Edda</subfield></datafield><datafield tag="516" ind1="-" ind2="1"><subfield code="a">Textin isländ., franz., dt., engl. u. schwed.</subfield></datafield><datafield tag="517" ind1="-" ind2="1"><subfield code="a">Auszüge aus der Snorra Edda</subfield></datafield><datafield tag="540" ind1="a" ind2="1"><subfield code="a">9979-774-07-X</subfield></datafield><datafield tag="540" ind1="a" ind2="1"><subfield code="a">9979-774-08-8</subfield></datafield><datafield tag="540" ind1="a" ind2="1"><subfield code="a">9979-774-09-6</subfield></datafield><datafield tag="540" ind1="a" ind2="1"><subfield code="a">9979-774-10-X</subfield></datafield><datafield tag="800" ind1="-" ind2="1"><subfield code="p">Snorri</subfield><subfield code="c">Sturluson</subfield><subfield code="d">1179-1241</subfield><subfield code="9">(DE-588)118797816</subfield></datafield><datafield tag="801" ind1="-" ind2="1"><subfield code="p">Snorra</subfield><subfield code="d">1179-1241</subfield></datafield><datafield tag="801" ind1="-" ind2="1"><subfield code="p">Snorre</subfield><subfield code="c">Sturlesøn</subfield><subfield code="d">1179-1241</subfield></datafield><datafield tag="801" ind1="-" ind2="1"><subfield code="p">Snorri</subfield><subfield code="c">fils de Sturla</subfield><subfield code="d">1179-1241</subfield></datafield><datafield tag="801" ind1="-" ind2="1"><subfield code="p">Snorri</subfield><subfield code="c">Sturlasson</subfield><subfield code="d">1179-1241</subfield></datafield><datafield tag="801" ind1="-" ind2="1"><subfield code="p">Snorri</subfield><subfield code="c">Sturleson</subfield><subfield code="d">1179-1241</subfield></datafield><datafield tag="801" ind1="-" ind2="1"><subfield code="p">Snorro</subfield><subfield code="c">Sturlaeus</subfield><subfield code="d">1179-1241</subfield></datafield><datafield tag="801" ind1="-" ind2="1"><subfield code="p">Snorro</subfield><subfield code="c">Sturlonides</subfield><subfield code="d">1179-1241</subfield></datafield><datafield tag="801" ind1="-" ind2="1"><subfield code="p">Sturlasøn, Snorre</subfield><subfield code="d">1179-1241</subfield></datafield><datafield tag="801" ind1="-" ind2="1"><subfield code="p">Sturlasson, Snorre</subfield><subfield code="d">1179-1241</subfield></datafield><datafield tag="801" ind1="-" ind2="1"><subfield code="p">Sturlasson, Snorri</subfield><subfield code="d">1179-1241</subfield></datafield><datafield tag="801" ind1="-" ind2="1"><subfield code="p">Sturleson, Snorre</subfield><subfield code="d">1179-1241</subfield></datafield><datafield tag="801" ind1="-" ind2="1"><subfield code="p">Sturlesøn, Snorro</subfield><subfield code="d">1179-1241</subfield></datafield><datafield tag="801" ind1="-" ind2="1"><subfield code="p">Sturlosen, Snorri</subfield><subfield code="d">1179-1241</subfield></datafield><datafield tag="801" ind1="-" ind2="1"><subfield code="p">Sturluson, Snorre</subfield><subfield code="d">1179-1241</subfield></datafield><datafield tag="801" ind1="-" ind2="1"><subfield code="p">Sturlonides, Snorro</subfield><subfield code="d">1179-1241</subfield></datafield><datafield tag="801" ind1="-" ind2="1"><subfield code="p">Sturlasyni, Snorra</subfield><subfield code="d">1179-1241</subfield></datafield><datafield tag="801" ind1="-" ind2="1"><subfield code="p">Sturlusyni, Snorra</subfield><subfield code="d">1179-1241</subfield></datafield><datafield tag="801" ind1="-" ind2="1"><subfield code="p">Snorro</subfield><subfield code="c">Sturluson</subfield><subfield code="d">1179-1241</subfield></datafield><datafield tag="801" ind1="-" ind2="1"><subfield code="p">Snorro</subfield><subfield code="c">Sturlesøn</subfield><subfield code="d">1179-1241</subfield></datafield><datafield tag="801" ind1="-" ind2="1"><subfield code="p">Sturleson, Snoiro</subfield><subfield code="d">1179-1241</subfield></datafield><datafield tag="801" ind1="-" ind2="1"><subfield code="p">Snorro</subfield><subfield code="c">Sturlae filio</subfield><subfield code="d">1179-1241</subfield></datafield><datafield tag="801" ind1="-" ind2="1"><subfield code="p">Snorre</subfield><subfield code="c">Sturleson</subfield><subfield code="d">1179-1241</subfield></datafield><datafield tag="801" ind1="-" ind2="1"><subfield code="p">Snorra</subfield><subfield code="c">Sturlusyni</subfield><subfield code="d">1179-1241</subfield></datafield><datafield tag="801" ind1="-" ind2="1"><subfield code="p">Snorre</subfield><subfield code="c">Sturluson</subfield><subfield code="d">1179-1241</subfield></datafield><datafield tag="801" ind1="-" ind2="1"><subfield code="p">Sturleson, Snorri</subfield><subfield code="d">1179-1241</subfield></datafield><datafield tag="801" ind1="-" ind2="1"><subfield code="p">Sturlson, Snorro</subfield><subfield code="d">1179-1241</subfield></datafield><datafield tag="801" ind1="-" ind2="1"><subfield code="p">Sturlasson, Snorro</subfield><subfield code="d">1179-1241</subfield></datafield><datafield tag="801" ind1="-" ind2="1"><subfield code="p">Sturluson, Snorro</subfield><subfield code="d">1179-1241</subfield></datafield><datafield tag="801" ind1="-" ind2="1"><subfield code="p">Sturlaeus, Snorro</subfield><subfield code="d">1179-1241</subfield></datafield><datafield tag="801" ind1="-" ind2="1"><subfield code="p">Snorre Sturlasøn</subfield><subfield code="d">1179-1241</subfield></datafield><datafield tag="801" ind1="-" ind2="1"><subfield code="p">Snorre Sturlasson</subfield><subfield code="d">1179-1241</subfield></datafield><datafield tag="801" ind1="-" ind2="1"><subfield code="p">Sturlesøn, Snorre</subfield><subfield code="d">1179-1241</subfield></datafield><datafield tag="801" ind1="-" ind2="1"><subfield code="p">Snorro</subfield><subfield code="d">1179-1241</subfield></datafield><datafield tag="801" ind1="-" ind2="1"><subfield code="p">Snorre</subfield><subfield code="c">Sturloson</subfield><subfield code="d">1179-1241</subfield></datafield><datafield tag="801" ind1="-" ind2="1"><subfield code="p">Snorre</subfield><subfield code="d">1179-1241</subfield></datafield><datafield tag="801" ind1="-" ind2="1"><subfield code="p">Snorro Sturlae</subfield><subfield code="d">1179-1241</subfield></datafield><datafield tag="801" ind1="-" ind2="1"><subfield code="p">Sturla, Snorri</subfield><subfield code="d">1179-1241</subfield></datafield><datafield tag="801" ind1="-" ind2="1"><subfield code="p">Snurri</subfield><subfield code="c">Sturla</subfield><subfield code="d">1179-1241</subfield></datafield><datafield tag="801" ind1="-" ind2="1"><subfield code="p">Snorri Sturluson</subfield><subfield code="d">1179-1241</subfield></datafield><datafield tag="801" ind1="-" ind2="1"><subfield code="p">Snorra</subfield><subfield code="c">Sturlusini</subfield><subfield code="d">1179-1241</subfield></datafield><datafield tag="801" ind1="-" ind2="1"><subfield code="p">Snorre</subfield><subfield code="c">Sturlassøn</subfield><subfield code="d">1179-1241</subfield></datafield><datafield tag="801" ind1="-" ind2="1"><subfield code="p">Sturlaeus</subfield><subfield code="c">Thordius</subfield><subfield code="d">1179-1241</subfield></datafield><datafield tag="801" ind1="-" ind2="1"><subfield code="p">Snorro</subfield><subfield code="c">Sturleson</subfield><subfield code="d">1179-1241</subfield></datafield><datafield tag="801" ind1="-" ind2="1"><subfield code="p">Sturleson, Snorro</subfield><subfield code="d">1179-1241</subfield></datafield><datafield tag="801" ind1="-" ind2="1"><subfield code="p">Sturluson, Snorri</subfield><subfield code="d">1179-1241</subfield></datafield><datafield tag="801" ind1="-" ind2="1"><subfield code="p">Sturlason, Snorre</subfield><subfield code="d">1179-1241</subfield></datafield><datafield tag="801" ind1="-" ind2="1"><subfield code="p">Snorre</subfield><subfield code="c">Sturlason</subfield><subfield code="d">1179-1241</subfield></datafield><datafield tag="805" ind1="b" ind2="1"><subfield code="a">Snorra Edda</subfield></datafield><datafield tag="902" ind1="-" ind2="1"><subfield code="g">Island</subfield><subfield code="9">(DE-588)4027754-9</subfield></datafield><datafield tag="902" ind1="-" ind2="1"><subfield code="s">Landschaft</subfield><subfield code="h">Motiv</subfield><subfield code="9">(DE-588)4114354-1</subfield></datafield><datafield tag="907" ind1="-" ind2="1"><subfield code="p">Snorri</subfield><subfield code="c">Sturluson</subfield><subfield code="d">1178-1241</subfield><subfield code="t">Edda</subfield><subfield code="9">(DE-588)4243926-7</subfield></datafield><datafield tag="907" ind1="-" ind2="1"><subfield code="s">Illustration</subfield><subfield code="9">(DE-588)4123412-1</subfield></datafield><controlfield tag="SYS">016468513</controlfield><datafield tag="LOW" ind1="-" ind2="1"><subfield code="a">K0001</subfield></datafield><datafield tag="952" ind1="-" ind2="1"><subfield code="g">Lyđveldiđ Island</subfield></datafield><datafield tag="952" ind1="-" ind2="1"><subfield code="g">Ísland</subfield></datafield><datafield tag="952" ind1="-" ind2="1"><subfield code="g">Iceland</subfield></datafield><datafield tag="952" ind1="-" ind2="1"><subfield code="g">Republik Island</subfield></datafield><datafield tag="952" ind1="-" ind2="1"><subfield code="g">Lýðveldið Island</subfield></datafield><datafield tag="952" ind1="-" ind2="1"><subfield code="g">Lydveldid Island</subfield></datafield><datafield tag="952" ind1="-" ind2="1"><subfield code="g">Republic of Iceland</subfield></datafield><datafield tag="952" ind1="-" ind2="1"><subfield code="g">Eisland</subfield></datafield><datafield tag="952" ind1="-" ind2="1"><subfield code="g">Islandia</subfield></datafield><datafield tag="952" ind1="-" ind2="1"><subfield code="s">Landschaftsdarstellung</subfield></datafield><datafield tag="957" ind1="-" ind2="1"><subfield code="p">Snorri</subfield><subfield code="c">Sturluson</subfield><subfield code="d">1178-1241</subfield><subfield code="t">Snorra Edda</subfield></datafield><datafield tag="957" ind1="-" ind2="1"><subfield code="p">Snorri</subfield><subfield code="c">Sturluson</subfield><subfield code="d">1178-1241</subfield><subfield code="t">Jüngere Edda</subfield></datafield><datafield tag="957" ind1="-" ind2="1"><subfield code="p">Snorri</subfield><subfield code="c">Sturluson</subfield><subfield code="d">1178-1241</subfield><subfield code="t">Prosa Edda</subfield></datafield><datafield tag="957" ind1="-" ind2="1"><subfield code="p">Snorri</subfield><subfield code="c">Sturluson</subfield><subfield code="d">1178-1241</subfield><subfield code="t">Edda Snorra Sturlusonar</subfield></datafield><datafield tag="957" ind1="-" ind2="1"><subfield code="p">Snorri</subfield><subfield code="c">Sturluson</subfield><subfield code="d">1178-1241</subfield><subfield code="t">Snorra-Edda</subfield></datafield><datafield tag="957" ind1="-" ind2="1"><subfield code="s">Abbildung</subfield><subfield code="h">Buchkunst</subfield></datafield><datafield tag="957" ind1="-" ind2="1"><subfield code="s">Buchillustration</subfield></datafield><datafield tag="957" ind1="-" ind2="1"><subfield code="s">Buch</subfield><subfield code="x">Illustration</subfield></datafield><datafield tag="957" ind1="-" ind2="1"><subfield code="s">Bebilderung</subfield></datafield><datafield tag="957" ind1="-" ind2="1"><subfield code="s">Bildmaterial</subfield><subfield code="h">Buchkunst</subfield></datafield><datafield tag="957" ind1="-" ind2="1"><subfield code="s">Wissenschaftliche Illustration</subfield></datafield><datafield tag="957" ind1="-" ind2="1"><subfield code="s">Illustrationen</subfield></datafield><datafield tag="957" ind1="-" ind2="1"><subfield code="s">Buchillustrationen</subfield></datafield><datafield tag="088" ind1=" " ind2=" "><subfield code="a">38</subfield><subfield code="b">00000001</subfield><subfield code="c">ISLG37</subfield><subfield code="e">ILL Ausleihe</subfield></datafield></record></metadata></record></ListRecords></OAI-PMH>